@article{ramsey2010hoopl,
  title={Hoopl: a modular, reusable library for dataflow analysis and transformation},
  author={Ramsey, Norman and Dias, Joao and Peyton Jones, Simon},
  journal={ACM Sigplan Notices},
  volume={45},
  number={11},
  pages={121--134},
  year={2010},
  publisher={ACM New York, NY, USA}
}
@article{lerner2002composing,
  title={Composing dataflow analyses and transformations},
  author={Lerner, Sorin and Grove, David and Chambers, Craig},
  journal={ACM SIGPLAN Notices},
  volume={37},
  number={1},
  pages={270--282},
  year={2002},
  publisher={ACM New York, NY, USA}
}
@inproceedings{petersen2013measuring,
  title={Measuring the Haskell gap},
  author={Petersen, Leaf and Anderson, Todd A and Liu, Hai and Glew, Neal},
  booktitle={Proceedings of the 25th symposium on Implementation and Application of Functional Languages},
  pages={61--72},
  year={2013}
}
@inproceedings{liu2013intel,
  title={The Intel labs Haskell research compiler},
  author={Liu, Hai and Glew, Neal and Petersen, Leaf and Anderson, Todd A},
  booktitle={Proceedings of the 2013 ACM SIGPLAN symposium on Haskell},
  pages={105--116},
  year={2013}
}
@inproceedings{boquist1996grin,
  title={The GRIN project: A highly optimising back end for lazy functional languages},
  author={Boquist, Urban and Johnsson, Thomas},
  booktitle={Symposium on Implementation and Application of Functional Languages},
  pages={58--84},
  year={1996},
  organization={Springer}
}
@article{hruskamodern,
  title={A modern look at GRIN, an optimizing functional language back end},
  author={Hruska, Csaba and Podlovics, P{\'e}ter D{\'a}vid and P{\'e}nzes, Andor}
}
@article{grafcall,
  title={Call Arity vs. Demand Analysis},
  author={Graf, Sebastian}
}
@inproceedings{breitner2014call,
  title={Call arity},
  author={Breitner, Joachim},
  booktitle={International Symposium on Trends in Functional Programming},
  pages={34--50},
  year={2014},
  organization={Springer}
}
@article{jones2002secrets,
  title={Secrets of the glasgow haskell compiler inliner},
  author={Jones, Simon Peyton and Marlow, Simon},
  journal={Journal of Functional Programming},
  volume={12},
  year={2002}
}
@inproceedings{jones1993glasgow,
  title={The Glasgow Haskell compiler: a technical overview},
  author={Jones, SL Peyton and Hall, Cordy and Hammond, Kevin and Partain, Will and Wadler, Philip},
  booktitle={Proc. UK Joint Framework for Information Technology (JFIT) Technical Conference},
  volume={93},
  year={1993}
}
@incollection{partain1993nofib,
  title={The nofib benchmark suite of Haskell programs},
  author={Partain, Will},
  booktitle={Functional Programming, Glasgow 1992},
  pages={195--202},
  year={1993},
  publisher={Springer}
}
@article{lattner2020mlir,
  title={MLIR: A Compiler Infrastructure for the End of Moore's Law},
  author={Lattner, Chris and Pienaar, Jacques and Amini, Mehdi and Bondhugula, Uday and Riddle, River and Cohen, Albert and Shpeisman, Tatiana and Davis, Andy and Vasilache, Nicolas and Zinenko, Oleksandr},
  journal={arXiv preprint arXiv:2002.11054},
  year={2020}
}
@inproceedings{wadler1987projections,
  title={Projections for strictness analysis},
  author={Wadler, Philip and Hughes, R John M},
  booktitle={Conference on Functional Programming Languages and Computer Architecture},
  pages={385--407},
  year={1987},
  organization={Springer}
}

@article{grosser2015polyast,
 author = {Grosser, Tobias and Verdoolaege, Sven and Cohen, Albert},
 title = {Polyhedral {AST} Generation Is More Than Scanning Polyhedra},
 journal = {ACM Trans. Program. Lang. Syst.},
 issue_date = {July 2015},
 volume = {37},
 number = {4},
 month = jul,
 year = {2015},
 issn = {0164-0925},
 pages = {12:1--12:50},
 articleno = {12},
 numpages = {50},
 url = {http://doi.acm.org/10.1145/2743016},
 doi = {10.1145/2743016},
 acmid = {2743016},
 publisher = {ACM},
 address = {New York, NY, USA},
 keywords = {Polyhedral compilation, Presburger relations, code generation, index set splitting, unrolling},
} 
@book{levy2012call,
  title={Call-by-push-value: A Functional/imperative Synthesis},
  author={Levy, Paul Blain},
  volume={2},
  year={2012},
  publisher={Springer Science \& Business Media}
}
